@book{Omatu_Khalid_Yusof,
  title     = {Neuro-control and its applications},
  url       = {https://link.springer.com/book/10.1007/978-1-4471-3058-1},
  journal   = {SpringerLink},
  publisher = {Springer London},
  author    = {Omatu, Sigeru and Khalid, Marzuki and Yusof, Rubiyah},
  language = {english}
}

@book{Uskov_2004,
  title   = {Интеллектуальные технологии управления. Искусственные нейронные сети и нечеткая логика},
  journal = {Горячая линия - Телеком},
  author  = {Усков, А А, А В Кузьмин, А В},
  year    = {2004},
  language = {russian}
}
